<?xml version="1.0" encoding="UTF-8"?><collection xmlns="http://www.loc.gov/MARC21/slim"><record><leader>00508nam--2200133-i-4500</leader><controlfield tag="001">000045187</controlfield><controlfield tag="002">20161230</controlfield><controlfield tag="005">20161230201044</controlfield><controlfield tag="008">060222s1000------------r-----000-0-eng-d</controlfield><datafield ind1=" " ind2=" " tag="080"><subfield code="a">621.039.53</subfield></datafield><datafield ind1=" " ind2=" " tag="245"><subfield code="a">Transactions of the 5th internat.conference on structural mechanics in reactor technology, berlin, germany 13-17 aug.1979. vol.k(a): seismic response analysis of nuclear power plant systems</subfield></datafield><datafield ind1=" " ind2=" " tag="260"><subfield code="a">Amsterdam, North-holland Publ.Co., 1979</subfield></datafield><datafield ind1=" " ind2=" " tag="700"><subfield code="a">Jaegher,Thomasa.Andboley,Brunoa</subfield></datafield><datafield ind1=" " ind2=" " tag="852"><subfield code="a">70141</subfield></datafield></record></collection>